@incollection{Li:2010:OBA,
title = {Object Bank: A High-Level Image Representation for Scene Classification \&amp; Semantic Feature Sparsification},
author = {Li-jia Li and Hao Su and Li Fei-fei and Eric P. Xing},
booktitle = {Advances in Neural Information Processing Systems 23},
editor = {J.D. Lafferty and C.K.I. Williams and J. Shawe-Taylor and R.S. Zemel and A. Culotta},
pages = {1378--1386},
year = {2010},
publisher = {Curran Associates, Inc.},
url = {http://papers.nips.cc/paper/4008-object-bank-a-high-level-image-representation-for-scene-classification-semantic-feature-sparsification.pdf}
}

@INPROCEEDINGS{Lazebnik:2006:BBF,
author={Lazebnik, S. and Schmid, C. and Ponce, J.},
booktitle={Computer Vision and Pattern Recognition, 2006 IEEE Computer Society Conference on},
title={Beyond Bags of Features: Spatial Pyramid Matching for Recognizing Natural Scene Categories},
year={2006},
month={},
volume={2},
pages={2169-2178},
keywords={Histograms;Image databases;Image recognition;Image representation;Image segmentation;Layout;Object recognition;Robustness;Shape;Spatial databases},
doi={10.1109/CVPR.2006.68},
ISSN={1063-6919},}

@incollection{Zhou:2014:LDF,
title = {Learning Deep Features for Scene Recognition using Places Database},
author = {Zhou, Bolei and Lapedriza, Agata and Xiao, Jianxiong and Torralba, Antonio and Oliva, Aude},
booktitle = {Advances in Neural Information Processing Systems 27},
editor = {Z. Ghahramani and M. Welling and C. Cortes and N.D. Lawrence and K.Q. Weinberger},
pages = {487--495},
year = {2014},
publisher = {Curran Associates, Inc.},
url = {http://papers.nips.cc/paper/5349-learning-deep-features-for-scene-recognition-using-places-database.pdf}
}

@incollection{Krizhevsky:2012:ICD,
title = {ImageNet Classification with Deep Convolutional Neural Networks},
author = {Alex Krizhevsky and Sutskever, Ilya and Geoffrey E. Hinton},
booktitle = {Advances in Neural Information Processing Systems 25},
editor = {F. Pereira and C.J.C. Burges and L. Bottou and K.Q. Weinberger},
pages = {1097--1105},
year = {2012},
publisher = {Curran Associates, Inc.},
url = {http://papers.nips.cc/paper/4824-imagenet-classification-with-deep-convolutional-neural-networks.pdf}
}

@INPROCEEDINGS{Quattoni:2009:RIS,
author={Quattoni, A. and Torralba, A.},
booktitle={Computer Vision and Pattern Recognition, 2009. CVPR 2009. IEEE Conference on},
title={Recognizing Indoor Scenes},
year={2009},
month={June},
pages={413-420},
keywords={computer vision;image recognition;computer vision;global discriminative information;image recognition;indoor scene recognition;local discriminative information;Layout},
doi={10.1109/CVPR.2009.5206537},
ISSN={1063-6919},}

@article{Uijlings:2013:SSO,
year={2013},
issn={0920-5691},
journal={International Journal of Computer Vision},
volume={104},
number={2},
doi={10.1007/s11263-013-0620-5},
title={Selective Search for Object Recognition},
url={http://dx.doi.org/10.1007/s11263-013-0620-5},
publisher={Springer US},
author={Uijlings, J.R.R. and van de Sande, K.E.A. and Gevers, T. and Smeulders, A.W.M.},
pages={154-171},
language={English}
}
